<record><leader>00000cas a22000007a 4500</leader><controlfield tag="001">17894511</controlfield><controlfield tag="008">880504c19859999ohucr ne      0    0eng d</controlfield><datafield ind1=" " ind2=" " tag="010"><subfield code="a">sn 88077460 </subfield></datafield><datafield ind1=" " ind2=" " tag="040"><subfield code="a">ONP</subfield><subfield code="b">eng</subfield><subfield code="c">ONP</subfield><subfield code="d">OCLCQ</subfield><subfield code="d">OCLCF</subfield><subfield code="d">OCLCO</subfield></datafield><datafield ind1=" " ind2=" " tag="019"><subfield code="a">990384918</subfield><subfield code="a">990590124</subfield><subfield code="a">994456671</subfield></datafield><datafield ind1="1" ind2=" " tag="029"><subfield code="a">AU@</subfield><subfield code="b">000042337505</subfield></datafield><datafield ind1="1" ind2=" " tag="029"><subfield code="a">NZ1</subfield><subfield code="b">16064215</subfield></datafield><datafield ind1=" " ind2=" " tag="042"><subfield code="a">msc</subfield></datafield><datafield ind1=" " ind2=" " tag="043"><subfield code="a">n-us-oh</subfield></datafield><datafield ind1="0" ind2=" " tag="130"><subfield code="a">Press gazette (Hillsboro, Ohio : 1985)</subfield></datafield><datafield ind1="1" ind2="4" tag="245"><subfield code="a">The Press gazette.</subfield></datafield><datafield ind1=" " ind2=" " tag="260"><subfield code="a">Hillsboro, Ohio :</subfield><subfield code="b">Hillsboro Pub. Co.,</subfield><subfield code="c">1985-</subfield></datafield><datafield ind1=" " ind2=" " tag="300"><subfield code="a">v.</subfield></datafield><datafield ind1=" " ind2=" " tag="310"><subfield code="a">Semiweekly</subfield></datafield><datafield ind1="0" ind2=" " tag="362"><subfield code="a">Vol. 12, no. 88 (Feb. 5, 1985)-</subfield></datafield><datafield ind1=" " ind2="0" tag="651"><subfield code="a">Hillsboro (Ohio)</subfield><subfield code="v">Newspapers.</subfield></datafield><datafield ind1=" " ind2="0" tag="651"><subfield code="a">Highland County (Ohio)</subfield><subfield code="v">Newspapers.</subfield></datafield><datafield ind1=" " ind2="7" tag="655"><subfield code="a">Newspapers.</subfield><subfield code="2">fast</subfield><subfield code="0">(OCoLC)fst01423814</subfield></datafield><datafield ind1=" " ind2="7" tag="651"><subfield code="a">Ohio</subfield><subfield code="z">Highland County.</subfield><subfield code="2">fast</subfield><subfield code="0">(OCoLC)fst01215687</subfield></datafield><datafield ind1=" " ind2="7" tag="651"><subfield code="a">Ohio</subfield><subfield code="z">Hillsboro.</subfield><subfield code="2">fast</subfield><subfield code="0">(OCoLC)fst01232642</subfield></datafield><datafield ind1=" " ind2=" " tag="752"><subfield code="a">United States</subfield><subfield code="b">Ohio</subfield><subfield code="c">Highland</subfield><subfield code="d">Hillsboro.</subfield></datafield><datafield ind1="0" ind2="0" tag="780"><subfield code="t">Hillsboro press gazette</subfield><subfield code="w">(DLC)sn 88077459</subfield></datafield></record>